<record><leader>00000cas a2200000 a 4500</leader><controlfield tag="001">11446512</controlfield><controlfield tag="008">841203d18701881ncuwr ne      0   a0eng  </controlfield><datafield ind1=" " ind2=" " tag="010"><subfield code="a">sn 84020713 </subfield></datafield><datafield ind1=" " ind2=" " tag="040"><subfield code="a">DLC</subfield><subfield code="b">eng</subfield><subfield code="c">DLC</subfield><subfield code="d">NPX</subfield><subfield code="d">NVJ</subfield><subfield code="d">FUG</subfield><subfield code="d">CVF</subfield><subfield code="d">DLC</subfield><subfield code="d">OCLCQ</subfield><subfield code="d">DLC</subfield><subfield code="d">OCLCQ</subfield><subfield code="d">OCLCO</subfield><subfield code="d">OCLCF</subfield><subfield code="d">NOC</subfield><subfield code="d">DLC</subfield></datafield><datafield ind1="0" ind2=" " tag="022"><subfield code="a">2372-3181</subfield><subfield code="2">1</subfield></datafield><datafield ind1=" " ind2=" " tag="042"><subfield code="a">msc</subfield><subfield code="a">nsdp</subfield></datafield><datafield ind1=" " ind2=" " tag="043"><subfield code="a">n-us-nc</subfield></datafield><datafield ind1="0" ind2="0" tag="050"><subfield code="a">Newspaper</subfield></datafield><datafield ind1="0" ind2="0" tag="082"><subfield code="a">071</subfield><subfield code="2">23</subfield></datafield><datafield ind1="0" ind2=" " tag="130"><subfield code="a">Charlotte Democrat (Charlotte, N.C. : 1870)</subfield></datafield><datafield ind1=" " ind2="4" tag="222"><subfield code="a">The Charlotte Democrat</subfield><subfield code="b">(Charlotte, N.C. 1870. Print)</subfield></datafield><datafield ind1="1" ind2="4" tag="245"><subfield code="a">The Charlotte Democrat.</subfield></datafield><datafield ind1=" " ind2=" " tag="260"><subfield code="a">Charlotte, N.C. :</subfield><subfield code="b">William J. Yates,</subfield><subfield code="c">1870-1881.</subfield></datafield><datafield ind1=" " ind2=" " tag="300"><subfield code="a">12 v. ;</subfield><subfield code="c">61 cm.</subfield></datafield><datafield ind1=" " ind2=" " tag="310"><subfield code="a">Weekly</subfield></datafield><datafield ind1="0" ind2=" " tag="362"><subfield code="a">Vol. 19, no. 919 (Dec. 22, 1870)-v. 30, no. 1503 (Sept. 30, 1881).</subfield></datafield><datafield ind1=" " ind2=" " tag="500"><subfield code="a">Editor: William J. Yates, &lt;1876&gt;.</subfield></datafield><datafield ind1=" " ind2=" " tag="500"><subfield code="a">Democratic.</subfield></datafield><datafield ind1=" " ind2=" " tag="530"><subfield code="a">Available on microfilm from the North Carolina Dept. of Archives and History, Div. of Archives and Manuscripts.</subfield></datafield><datafield ind1=" " ind2=" " tag="530"><subfield code="a">Archived issues are available in digital format from the Library of Congress Chronicling America online collection.</subfield></datafield><datafield ind1=" " ind2="0" tag="651"><subfield code="a">Charlotte (N.C.)</subfield><subfield code="v">Newspapers.</subfield></datafield><datafield ind1=" " ind2="0" tag="651"><subfield code="a">Mecklenburg County (N.C.)</subfield><subfield code="v">Newspapers.</subfield></datafield><datafield ind1=" " ind2="7" tag="651"><subfield code="a">North Carolina</subfield><subfield code="z">Charlotte.</subfield><subfield code="2">fast</subfield><subfield code="0">(OCoLC)fst01204596</subfield></datafield><datafield ind1=" " ind2="7" tag="651"><subfield code="a">North Carolina</subfield><subfield code="z">Mecklenburg County.</subfield><subfield code="2">fast</subfield><subfield code="0">(OCoLC)fst01208074</subfield></datafield><datafield ind1=" " ind2="7" tag="655"><subfield code="a">Newspapers.</subfield><subfield code="2">fast</subfield><subfield code="0">(OCoLC)fst01423814</subfield></datafield><datafield ind1=" " ind2=" " tag="752"><subfield code="a">United States</subfield><subfield code="b">North Carolina</subfield><subfield code="c">Mecklenburg</subfield><subfield code="d">Charlotte.</subfield></datafield><datafield ind1="0" ind2="8" tag="776"><subfield code="i">Online version:</subfield><subfield code="t">Charlotte Democrat (Charlotte, N.C. : 1870 : Online)</subfield><subfield code="x">2372-319X</subfield><subfield code="w">(DLC)  2014218276</subfield><subfield code="w">(OCoLC)876860401</subfield></datafield><datafield ind1="0" ind2="0" tag="780"><subfield code="t">Western Democrat (Charlotte, N.C.)</subfield><subfield code="x">2379-0261</subfield><subfield code="w">(DLC)sn 84020712</subfield><subfield code="w">(OCoLC)11446315</subfield></datafield><datafield ind1="0" ind2="7" tag="785"><subfield code="t">Southern home</subfield><subfield code="w">(DLC)sn 84020724</subfield><subfield code="w">(OCoLC)11051440</subfield></datafield><datafield ind1="0" ind2="7" tag="785"><subfield code="t">Charlotte home and Democrat</subfield><subfield code="w">(DLC)sn 84020714</subfield><subfield code="w">(OCoLC)11446587</subfield></datafield><datafield ind1="4" ind2="1" tag="856"><subfield code="u">http://www.loc.gov/chroniclingamerica/lccn/sn84020713/issues</subfield></datafield><datafield ind1="1" ind2=" " tag="029"><subfield code="a">AU@</subfield><subfield code="b">000026222558</subfield></datafield></record>